@manual{tns,
author = {TNS Polska},
title = {Ranking inwestycji deweloperskich - raport dla serwisu otodom},
year = {2015},
note = {\\\texttt{\url{http://www.tnsglobal.pl/coslychac/files/2015/05/Raport_OTO_Dom_2015_media.pdf}}}
}

@manual{rails_guide,
author = {Ryan Bigg, Oscar Del Ben, Frederick Cheung},
title = {Ruby on Rails Guides},
year = {2015},
note = {\\\texttt{\url{http://guides.rubyonrails.org/index.html}}}
}

@book{requirements,
author = {Karl Wieger, Joy Beatty},
title = {Software Requirements, Third Edition, p.6},
year = {2013},
publisher = {Microsoft Press}
}

@book{spa,
author = {David Flanagan},
title = {JavaScript - The Definitive Guide, 5th edition, p.497},
year = {2006},
publisher = {O'Reilly}
}

@book{rails,
author = {Obie Fernandez, Kevin Faustino},
title = {The Rails 4 Way},
year = {2013},
publisher = {Addison-Wesley Professional Ruby Series}
}